@manual{herschel,
  author = {{Garcia-Lario}, P. and {Lorente}, R. and {Merin}, B. and {Sanchez-Portal}, M. and {Kidger}, M. and {Prusti}, T. and {Verdugo}, E. and {Abreu}, A.},
  title = {Herschel Observer's Manual},
  date = {March 7, 2014},
  language = {English},
  version = {Version 5.0.3},
  organization = {ESA},
  pagetotal = {124},
}

@online{fact,
 author  = "ESA",
 title   = "Herschel Fact Sheet",
 urlseen = "15-04-16",
 url     = "http://esamultimedia.esa.int/docs/herschel/Herschel-Factsheet.pdf",
 note    = "Fact-sheet",
}

@ARTICLE{SPIRE,
   author = {{Griffin}, M.~J. and {Abergel}, A. and {Abreu}, A. and {Ade}, P.~A.~R. and
	{Andr{\'e}}, P. and {Augueres}, J.-L. and {Babbedge}, T. and
	{Bae}, Y. and {Baillie}, T. and {Baluteau}, J.-P. and {Barlow}, M.~J. and
	{Bendo}, G. and {Benielli}, D. and {Bock}, J.~J. and {Bonhomme}, P. and
	{Brisbin}, D. and {Brockley-Blatt}, C. and {Caldwell}, M. and
	{Cara}, C. and {Castro-Rodriguez}, N. and {Cerulli}, R. and
	{Chanial}, P. and {Chen}, S. and {Clark}, E. and {Clements}, D.~L. and
	{Clerc}, L. and {Coker}, J. and {Communal}, D. and {Conversi}, L. and
	{Cox}, P. and {Crumb}, D. and {Cunningham}, C. and {Daly}, F. and
	{Davis}, G.~R. and {de Antoni}, P. and {Delderfield}, J. and
	{Devin}, N. and {di Giorgio}, A. and {Didschuns}, I. and {Dohlen}, K. and
	{Donati}, M. and {Dowell}, A. and {Dowell}, C.~D. and {Duband}, L. and
	{Dumaye}, L. and {Emery}, R.~J. and {Ferlet}, M. and {Ferrand}, D. and
	{Fontignie}, J. and {Fox}, M. and {Franceschini}, A. and {Frerking}, M. and
	{Fulton}, T. and {Garcia}, J. and {Gastaud}, R. and {Gear}, W.~K. and
	{Glenn}, J. and {Goizel}, A. and {Griffin}, D.~K. and {Grundy}, T. and
	{Guest}, S. and {Guillemet}, L. and {Hargrave}, P.~C. and {Harwit}, M. and
	{Hastings}, P. and {Hatziminaoglou}, E. and {Herman}, M. and
	{Hinde}, B. and {Hristov}, V. and {Huang}, M. and {Imhof}, P. and
	{Isaak}, K.~J. and {Israelsson}, U. and {Ivison}, R.~J. and
	{Jennings}, D. and {Kiernan}, B. and {King}, K.~J. and {Lange}, A.~E. and
	{Latter}, W. and {Laurent}, G. and {Laurent}, P. and {Leeks}, S.~J. and
	{Lellouch}, E. and {Levenson}, L. and {Li}, B. and {Li}, J. and
	{Lilienthal}, J. and {Lim}, T. and {Liu}, S.~J. and {Lu}, N. and
	{Madden}, S. and {Mainetti}, G. and {Marliani}, P. and {McKay}, D. and
	{Mercier}, K. and {Molinari}, S. and {Morris}, H. and {Moseley}, H. and
	{Mulder}, J. and {Mur}, M. and {Naylor}, D.~A. and {Nguyen}, H. and
	{O'Halloran}, B. and {Oliver}, S. and {Olofsson}, G. and {Olofsson}, H.-G. and
	{Orfei}, R. and {Page}, M.~J. and {Pain}, I. and {Panuzzo}, P. and
	{Papageorgiou}, A. and {Parks}, G. and {Parr-Burman}, P. and
	{Pearce}, A. and {Pearson}, C. and {P{\'e}rez-Fournon}, I. and
	{Pinsard}, F. and {Pisano}, G. and {Podosek}, J. and {Pohlen}, M. and
	{Polehampton}, E.~T. and {Pouliquen}, D. and {Rigopoulou}, D. and
	{Rizzo}, D. and {Roseboom}, I.~G. and {Roussel}, H. and {Rowan-Robinson}, M. and
	{Rownd}, B. and {Saraceno}, P. and {Sauvage}, M. and {Savage}, R. and
	{Savini}, G. and {Sawyer}, E. and {Scharmberg}, C. and {Schmitt}, D. and
	{Schneider}, N. and {Schulz}, B. and {Schwartz}, A. and {Shafer}, R. and
	{Shupe}, D.~L. and {Sibthorpe}, B. and {Sidher}, S. and {Smith}, A. and
	{Smith}, A.~J. and {Smith}, D. and {Spencer}, L. and {Stobie}, B. and
	{Sudiwala}, R. and {Sukhatme}, K. and {Surace}, C. and {Stevens}, J.~A. and
	{Swinyard}, B.~M. and {Trichas}, M. and {Tourette}, T. and {Triou}, H. and
	{Tseng}, S. and {Tucker}, C. and {Turner}, A. and {Vaccari}, M. and
	{Valtchanov}, I. and {Vigroux}, L. and {Virique}, E. and {Voellmer}, G. and
	{Walker}, H. and {Ward}, R. and {Waskett}, T. and {Weilert}, M. and
	{Wesson}, R. and {White}, G.~J. and {Whitehouse}, N. and {Wilson}, C.~D. and
	{Winter}, B. and {Woodcraft}, A.~L. and {Wright}, G.~S. and
	{Xu}, C.~K. and {Zavagno}, A. and {Zemcov}, M. and {Zhang}, L. and
	{Zonca}, E.},
    title = "{The Herschel-SPIRE instrument and its in-flight performance}",
  journal = {\aap},
archivePrefix = "arXiv",
   eprint = {1005.5123},
 primaryClass = "astro-ph.IM",
 keywords = {instrumentation: photometers, instrumentation: spectrographs, space vehicles: instruments, submillimeter: general},
     year = 2010,
    month = jul,
   volume = 518,
      eid = {L3},
    pages = {L3},
      doi = {10.1051/0004-6361/201014519},
   adsurl = {http://adsabs.harvard.edu/abs/2010A%26A...518L...3G},
  adsnote = {Provided by the SAO/NASA Astrophysics Data System}
}

@INPROCEEDINGS{HiFi,
   author = {{Helmich}, F.~P.},
    title = "{Herschel HIFI - the Heterodyne Instrument for the Far-Infrared}",
booktitle = {EAS Publications Series},
     year = 2011,
   series = {EAS Publications Series},
   volume = 52,
   editor = {{R{\"o}llig}, M. and {Simon}, R. and {Ossenkopf}, V. and {Stutzki}, J.
	},
    month = nov,
    pages = {15-20},
      doi = {10.1051/eas/1152003},
   adsurl = {http://adsabs.harvard.edu/abs/2011EAS....52...15H},
  adsnote = {Provided by the SAO/NASA Astrophysics Data System}
}

@ARTICLE{dustopacity,
   author = {{Hildebrand}, R.~H.},
    title = "{The Determination of Cloud Masses and Dust Characteristics from Submillimetre Thermal Emission}",
  journal = {\qjras},
     year = 1983,
    month = sep,
   volume = 24,
    pages = {267},
   adsurl = {http://adsabs.harvard.edu/abs/1983QJRAS..24..267H},
  adsnote = {Provided by the SAO/NASA Astrophysics Data System}
}

@ARTICLE{noise,
   author = {{Shetty}, R. and {Kauffmann}, J. and {Schnee}, S. and {Goodman}, A.~A. and
	{Ercolano}, B.},
    title = "{The Effect of Line-of-Sight Temperature Variation and Noise on Dust Continuum Observations}",
  journal = {\apj},
archivePrefix = "arXiv",
   eprint = {0902.3477},
 primaryClass = "astro-ph.GA",
 keywords = {dust, extinction, infrared: ISM, ISM: clouds, methods: miscellaneous, stars: formation},
     year = 2009,
    month = may,
   volume = 696,
    pages = {2234-2251},
      doi = {10.1088/0004-637X/696/2/2234},
   adsurl = {http://ukads.nottingham.ac.uk/abs/2009ApJ...696.2234S},
  adsnote = {Provided by the SAO/NASA Astrophysics Data System}
}

@MISC{RADMC-3D,
   author = {{Dullemond}, C.P. and {Juhasz}, A. and {Pohl}, A. and {Sereshti}, F.
  and {Shetty}, R. and {Peters}, T. and {Commercon}, B. and {Flock}, M.
  },
   title = {RADMC-3D: A multi-purpose radiative transfer tool},
   version = {0.38},
   keywords = {Software}
}

@MISC{radmc3dPy,
   author = {{Juhasz}, A.
   },
   title = {radmc3dPy},
   version = {0.25},
   keywords = {Software}
}

@misc{bbc,
  author = {{Olive}, K.A. and {Peacock}, J.A.},
  title  = {Big Bang cosmology},
  month  = {September},
  year   = {2011},
  publisher={University of Minnesota and University of Edinburgh}
}

@article{abundance,
  title = {Abundances of the Elements},
  author = {Suess, Hans E. and Urey, Harold C.},
  journal = {Rev. Mod. Phys.},
  volume = {28},
  issue = {1},
  pages = {53--74},
  numpages = {0},
  year = {1956},
  month = {Jan},
  publisher = {American Physical Society},
  doi = {10.1103/RevModPhys.28.53},
  url = {http://link.aps.org/doi/10.1103/RevModPhys.28.53}
}

@article{synthesis,
  title = {Synthesis of the Elements in Stars},
  author = {Burbidge, E. Margaret and Burbidge, G. R. and Fowler, William A. and Hoyle, F.},
  journal = {Rev. Mod. Phys.},
  volume = {29},
  issue = {4},
  pages = {547--650},
  numpages = {0},
  year = {1957},
  month = {Oct},
  publisher = {American Physical Society},
  doi = {10.1103/RevModPhys.29.547},
  url = {http://link.aps.org/doi/10.1103/RevModPhys.29.547}
}

@Article{21cm,
author={Muller, C. A. and Oort, J. H.},
title={Observation of a Line in the Galactic Radio Spectrum: The Interstellar Hydrogen Line at 1,420 Mc./sec., and an Estimate of Galactic Rotation},
journal={Nature},
year={1951},
month={Sep},
day={01},
volume={168},
number={4270},
pages={357-358},
doi={10.1038/168357a0},
url={http://dx.doi.org/10.1038/168357a0}
}

@ARTICLE{peebles,
   author = {{Peebles}, P.~J.~E.},
    title = "{Recombination of the Primeval Plasma}",
  journal = {\apj},
     year = 1968,
    month = jul,
   volume = 153,
    pages = {1},
      doi = {10.1086/149628},
   adsurl = {http://adsabs.harvard.edu/abs/1968ApJ...153....1P},
  adsnote = {Provided by the SAO/NASA Astrophysics Data System}
}

@article{aby,
  title = {The Origin of Chemical Elements},
  author = {Alpher, R. A. and Bethe, H. and Gamow, G.},
  journal = {Phys. Rev.},
  volume = {73},
  issue = {7},
  pages = {803--804},
  numpages = {0},
  year = {1948},
  month = {Apr},
  publisher = {American Physical Society},
  doi = {10.1103/PhysRev.73.803},
  url = {http://link.aps.org/doi/10.1103/PhysRev.73.803}
}

@INPROCEEDINGS{PACS,
   author = {{Poglitsch}, A. and {Altieri}, B.},
    title = "{The PACS Instrument}",
booktitle = {EAS Publications Series},
     year = 2009,
   series = {EAS Publications Series},
   volume = 34,
   editor = {{Pagani}, L. and {Gerin}, M.},
    pages = {43-62},
      doi = {10.1051/eas:0934004},
   adsurl = {http://adsabs.harvard.edu/abs/2009EAS....34...43P},
  adsnote = {Provided by the SAO/NASA Astrophysics Data System}
}

@ARTICLE{b&w,
   author = {{Bjorkman}, J.~E. and {Wood}, K.},
    title = "{Radiative Equilibrium and Temperature Correction in Monte Carlo Radiation Transfer}",
  journal = {\apj},
   eprint = {astro-ph/0103249},
 keywords = {Stars: Circumstellar Matter, ISM: Dust, Extinction, Radiative Transfer, Scattering},
     year = 2001,
    month = jun,
   volume = 554,
    pages = {615-623},
      doi = {10.1086/321336},
   adsurl = {http://adsabs.harvard.edu/abs/2001ApJ...554..615B},
  adsnote = {Provided by the SAO/NASA Astrophysics Data System}
}

@article {jeans,
	author = {Jeans, J. H.},
	title = {The Stability of a Spherical Nebula},
	volume = {199},
	number = {312-320},
	pages = {1--53},
	year = {1902},
	doi = {10.1098/rsta.1902.0012},
	publisher = {The Royal Society},
	issn = {0264-3952},
	URL = {http://rsta.royalsocietypublishing.org/content/199/312-320/1},
	eprint = {http://rsta.royalsocietypublishing.org/content/199/312-320/1.full.pdf},
	journal = {Philosophical Transactions of the Royal Society of London A: Mathematical, Physical and Engineering Sciences}
}

@online{rho,
 author  = "Caltech",
 title   = "IRAS Image of Rho Ophiuchi",
 urlseen = "02-04-16",
 url     = "http://coolcosmos.ipac.caltech.edu/image_galleries/IRAS/roph.html",
 note    = "File: \ttfamily{rho.jpg}",
}

@ARTICLE{rho-dist,
   author = {{Mamajek}, E.~E.},
    title = "{On the distance to the Ophiuchus star-forming region}",
  journal = {Astronomische Nachrichten},
archivePrefix = "arXiv",
   eprint = {0709.0505},
 keywords = {astrometry, ISM: kinematics and dynamics, ISM: clouds, reflection nebulae, open clusters and associations: individual (Sco OB2, Ophiuchus)},
     year = 2008,
    month = jan,
   volume = 329,
    pages = {10},
      doi = {10.1002/asna.200710827},
   adsurl = {http://adsabs.harvard.edu/abs/2008AN....329...10M},
  adsnote = {Provided by the SAO/NASA Astrophysics Data System}
}

@unpublished{filaments,
title= {Filamentary Structure in Molecular Clouds},
author = {{Murphy}, D. and {von Schill}, L.},
year = {2014},
note= {Filaments 2014},
URL= {https://science.nrao.edu/science/meetings/2014/filamentary-structure},
}

@Inbook{evo-mol,
author="Larson, Richard B.",
editor="Wilson, Thomas L.
and Johnston, Kenneth J.",
chapter="The evolution of molecular clouds",
title="The Structure and Content of Molecular Clouds 25 Years of Molecular Radioastronomy: Proceedings of a Conference Held at Schloss Ringberg, Tegernsee, Germany 14--16 April 1993",
year="1994",
publisher="Springer Berlin Heidelberg",
address="Berlin, Heidelberg",
pages="13--28",
isbn="978-3-540-49035-7",
doi="10.1007/3540586210_2",
url="http://dx.doi.org/10.1007/3540586210_2"
}

@ARTICLE{bound,
   author = {{Dobbs}, C.~L. and {Burkert}, A. and {Pringle}, J.~E.},
    title = "{Why are most molecular clouds not gravitationally bound?}",
  journal = {\mnras},
archivePrefix = "arXiv",
   eprint = {1101.3414},
 keywords = {hydrodynamics, stars: formation, ISM: clouds, ISM: kinematics and dynamics},
     year = 2011,
    month = jun,
   volume = 413,
    pages = {2935-2942},
      doi = {10.1111/j.1365-2966.2011.18371.x},
   adsurl = {http://adsabs.harvard.edu/abs/2011MNRAS.413.2935D},
  adsnote = {Provided by the SAO/NASA Astrophysics Data System}
}

@INPROCEEDINGS{krumholz,
   author = {{Krumholz}, M.~R.},
    title = "{Star Formation in Molecular Clouds}",
 keywords = {interstellar molecular clouds, star formation, cosmic rays, magnetohydrodynamics, Molecular clouds H$_{2}$ clouds dense clouds and dark clouds, Star formation, Cosmic rays, Magnetohydrodynamics and plasmas},
booktitle = {American Institute of Physics Conference Series},
     year = 2011,
   series = {American Institute of Physics Conference Series},
   volume = 1386,
archivePrefix = "arXiv",
   eprint = {1101.5172},
   editor = {{Telles}, E. and {Dupke}, R. and {Lazzaro}, D.},
    month = sep,
    pages = {9-57},
      doi = {10.1063/1.3636038},
   adsurl = {http://adsabs.harvard.edu/abs/2011AIPC.1386....9K},
  adsnote = {Provided by the SAO/NASA Astrophysics Data System}
}

@UNPUBLISHED{lecture,
  Author = {{Pettini}, Max},
  Institution = {Cambridge University},
  Howpublished = {University Lecture},
  Year = {2011},
  Title = {Structure and Evolution of Stars}
}

@manual{manual,
  author = {{Dullemond}, C.P. and {Juhasz}, A. and {Pohl}, A. and {Sereshti}, F.
    and {Shetty}, R. and {Peters}, T. and {Commercon}, B. and {Flock}, M. and {Min}, M.
    },
  title = {Manual for RADMC-3D},
  language = {English},
  version = {Version 0.39},
  organization = {Universit\"at Heidelberg},
  pagetotal = {174},
}

@online{pass,
 author  = "SVO Filter Profile Service",
 title   = "Filer Profile Service: An experiment about filter standardization in the VO",
 urlseen = "15-04-16",
 url     = "http://svo2.cab.inta-csic.es/svo/theory/fps3/index.php?mode=browse&gname=Herschel&gname2=Pacs",
 note    = "Online database comprising values and data for filter profiling",
}

@ARTICLE{kelly,
   author = {{Kelly}, B.~C. and {Shetty}, R. and {Stutz}, A.~M. and {Kauffmann}, J. and
	{Goodman}, A.~A. and {Launhardt}, R.},
    title = "{Dust Spectral Energy Distributions in the Era of Herschel and Planck: A Hierarchical Bayesian-fitting Technique}",
  journal = {\apj},
archivePrefix = "arXiv",
   eprint = {1203.0025},
 primaryClass = "astro-ph.IM",
 keywords = {infrared: ISM, ISM: structure, methods: data analysis, methods: statistical, stars: formation},
     year = 2012,
    month = jun,
   volume = 752,
      eid = {55},
    pages = {55},
      doi = {10.1088/0004-637X/752/1/55},
   adsurl = {http://adsabs.harvard.edu/abs/2012ApJ...752...55K},
  adsnote = {Provided by the SAO/NASA Astrophysics Data System}
}

@ARTICLE{beta,
   author = {{Draine}, B.~T. and {Lee}, H.~M.},
    title = "{Optical properties of interstellar graphite and silicate grains}",
  journal = {\apj},
 keywords = {Granular Materials, Graphite, Interstellar Matter, Optical Properties, Silicates, Absorption Cross Sections, Infrared Astronomy, Opacity, Particle Interactions, Scattering Cross Sections},
     year = 1984,
    month = oct,
   volume = 285,
    pages = {89-108},
      doi = {10.1086/162480},
   adsurl = {http://adsabs.harvard.edu/abs/1984ApJ...285...89D},
  adsnote = {Provided by the SAO/NASA Astrophysics Data System}
}

@ARTICLE{degen,
   author = {{Keene}, J. and {Hildebrand}, R.~H. and {Whitcomb}, S.~E. and
	{Harper}, D.~A.},
    title = "{Far-infrared observations of the globule B335}",
  journal = {\apjl},
 keywords = {Cosmic Dust, Far Infrared Radiation, Infrared Astronomy, Interstellar Matter, Submillimeter Waves, Interstellar Radiation, Radiant Flux Density},
     year = 1980,
    month = aug,
   volume = 240,
    pages = {L43-L46},
      doi = {10.1086/183320},
   adsurl = {http://adsabs.harvard.edu/abs/1980ApJ...240L..43K},
  adsnote = {Provided by the SAO/NASA Astrophysics Data System}
}
