@ARTICLE{2009ApJ...696..676S,
   author = {{Shetty}, R. and {Kauffmann}, J. and {Schnee}, S. and {Goodman}, A.~A.
	},
    title = "{The Effect of Noise on the Dust Temperature-Spectral Index Correlation}",
  journal = {\apj},
archivePrefix = "arXiv",
   eprint = {0902.0636},
 primaryClass = "astro-ph.GA",
 keywords = {dust, extinction, infrared: ISM, methods: miscellaneous},
     year = 2009,
    month = may,
   volume = 696,
    pages = {676-680},
      doi = {10.1088/0004-637X/696/1/676},
   adsurl = {http://ukads.nottingham.ac.uk/abs/2009ApJ...696..676S},
  adsnote = {Provided by the SAO/NASA Astrophysics Data System}
}

@ARTICLE{2009ApJ...696.2234S,
   author = {{Shetty}, R. and {Kauffmann}, J. and {Schnee}, S. and {Goodman}, A.~A. and
	{Ercolano}, B.},
    title = "{The Effect of Line-of-Sight Temperature Variation and Noise on Dust Continuum Observations}",
  journal = {\apj},
archivePrefix = "arXiv",
   eprint = {0902.3477},
 primaryClass = "astro-ph.GA",
 keywords = {dust, extinction, infrared: ISM, ISM: clouds, methods: miscellaneous, stars: formation},
     year = 2009,
    month = may,
   volume = 696,
    pages = {2234-2251},
      doi = {10.1088/0004-637X/696/2/2234},
   adsurl = {http://ukads.nottingham.ac.uk/abs/2009ApJ...696.2234S},
  adsnote = {Provided by the SAO/NASA Astrophysics Data System}
}

@ARTICLE{2013A&A...551A..98L,
   author = {{Launhardt}, R. and {Stutz}, A.~M. and {Schmiedeke}, A. and
	{Henning}, T. and {Krause}, O. and {Balog}, Z. and {Beuther}, H. and
	{Birkmann}, S. and {Hennemann}, M. and {Kainulainen}, J. and
	{Khanzadyan}, T. and {Linz}, H. and {Lippok}, N. and {Nielbock}, M. and
	{Pitann}, J. and {Ragan}, S. and {Risacher}, C. and {Schmalzl}, M. and
	{Shirley}, Y.~L. and {Stecklum}, B. and {Steinacker}, J. and
	{Tackenberg}, J.},
    title = "{The Earliest Phases of Star Formation (EPoS): a Herschel key project. The thermal structure of low-mass molecular cloud cores}",
  journal = {\aap},
archivePrefix = "arXiv",
   eprint = {1301.1498},
 primaryClass = "astro-ph.SR",
 keywords = {stars: formation, stars: low-mass, stars: protostars, ISM: clouds, dust, extinction, infrared: ISM},
     year = 2013,
    month = mar,
   volume = 551,
      eid = {A98},
    pages = {A98},
      doi = {10.1051/0004-6361/201220477},
   adsurl = {http://ukads.nottingham.ac.uk/abs/2013A%26A...551A..98L},
  adsnote = {Provided by the SAO/NASA Astrophysics Data System}
}

@ARTICLE{1998A&A...336..150M,
   author = {{Motte}, F. and {Andre}, P. and {Neri}, R.},
    title = "{The initial conditions of star formation in the rho Ophiuchi main cloud: wide-field millimeter continuum mapping}",
  journal = {\aap},
 keywords = {ISM: INDIVIDUAL OBJECTS: RHO OPHIUCHI, CIRCUMSTELLAR MATTER, ISM: CLOUDS, ISM: STRUCTURE, STARS: FORMATION},
     year = 1998,
    month = aug,
   volume = 336,
    pages = {150-172},
   adsurl = {http://ukads.nottingham.ac.uk/abs/1998A%26A...336..150M},
  adsnote = {Provided by the SAO/NASA Astrophysics Data System}
}

@ARTICLE{2010A&A...518L.106K,
   author = {{K{\"o}nyves}, V. and {Andr{\'e}}, P. and {Men'shchikov}, A. and
	{Schneider}, N. and {Arzoumanian}, D. and {Bontemps}, S. and
	{Attard}, M. and {Motte}, F. and {Didelon}, P. and {Maury}, A. and
	{Abergel}, A. and {Ali}, B. and {Baluteau}, J.-P. and {Bernard}, J.-P. and
	{Cambr{\'e}sy}, L. and {Cox}, P. and {di Francesco}, J. and
	{di Giorgio}, A.~M. and {Griffin}, M.~J. and {Hargrave}, P. and
	{Huang}, M. and {Kirk}, J. and {Li}, J.~Z. and {Martin}, P. and
	{Minier}, V. and {Molinari}, S. and {Olofsson}, G. and {Pezzuto}, S. and
	{Russeil}, D. and {Roussel}, H. and {Saraceno}, P. and {Sauvage}, M. and
	{Sibthorpe}, B. and {Spinoglio}, L. and {Testi}, L. and {Ward-Thompson}, D. and
	{White}, G. and {Wilson}, C.~D. and {Woodcraft}, A. and {Zavagno}, A.
	},
    title = "{The Aquila prestellar core population revealed by Herschel}",
  journal = {\aap},
archivePrefix = "arXiv",
   eprint = {1005.2981},
 primaryClass = "astro-ph.SR",
 keywords = {ISM: individual objects: Aquila rift complex, stars: formation},
     year = 2010,
    month = jul,
   volume = 518,
      eid = {L106},
    pages = {L106},
      doi = {10.1051/0004-6361/201014689},
   adsurl = {http://ukads.nottingham.ac.uk/abs/2010A%26A...518L.106K},
  adsnote = {Provided by the SAO/NASA Astrophysics Data System}
}

@MISC{RADMC-3D,
   author = {{Dullemond}, C.P. and {Juhasz}, A. and {Pohl}, A. and {Sereshti}, F.
  and {Shetty}, R. and {Peters}, T. and {Commercon}, B. and {Flock}, M.
  },
   title = {RADMC-3D: A multi-purpose radiative transfer tool},
   version = {0.38},
   keywords = {Software}
}
